<?xml version="1.0" encoding="UTF-8"?><record xmlns="http://www.loc.gov/MARC21/slim" xmlns:cinclude="http://apache.org/cocoon/include/1.0" xmlns:zs="http://www.loc.gov/zing/srw/">
  <leader>00364cz  a2200133n  4500</leader>
  <controlfield tag="001">no 97029556 </controlfield>
  <controlfield tag="003">DLC</controlfield>
  <controlfield tag="005">20031014033213.0</controlfield>
  <controlfield tag="008">970513n| acannaab|          |n aaa     c</controlfield>
  <datafield tag="010" ind1=" " ind2=" ">
    <subfield code="a">no 97029556 </subfield>
  </datafield>
  <datafield tag="035" ind1=" " ind2=" ">
    <subfield code="a">(OCoLC)oca04339896</subfield>
  </datafield>
  <datafield tag="040" ind1=" " ind2=" ">
    <subfield code="a">PPiU</subfield>
    <subfield code="c">PPiU</subfield>
    <subfield code="d">UkCU</subfield>
  </datafield>
  <datafield tag="100" ind1="1" ind2="0">
    <subfield code="a">Bujta휍혖r, Pavol,</subfield>
    <subfield code="d">1936-</subfield>
  </datafield>
  <datafield tag="670" ind1=" " ind2=" ">
    <subfield code="a">Pastierik, 1996:</subfield>
    <subfield code="b">t.p. (Pavol Bujta휍혖r) jacket flap (b. 1936)</subfield>
  </datafield>
</record>